@article{morbach2009ontocape,
  title={OntoCAPE—A (re) usable ontology for computer-aided process engineering},
  author={Morbach, Jan and Wiesner, Andreas and Marquardt, Wolfgang},
  journal={Computers \& Chemical Engineering},
  volume={33},
  number={10},
  pages={1546--1556},
  year={2009},
  publisher={Elsevier}
}

@inproceedings{borst1995physsys,
  title={The PhysSys ontology for physical systems},
  author={Borst, Pim and Akkermans, J and Pos, Anita and Top, Jan},
  booktitle={Working Papers of the Ninth International Workshop on Qualitative Reasoning QR},
  volume={95},
  pages={11--21},
  year={1995}
}

@inproceedings{top1991computational,
  title={Computational and Physical Causality.},
  author={Top, Jan L and Akkermans, Hans},
  booktitle={IJCAI},
  pages={1171--1176},
  year={1991}
}

@article{preisig2021ontology,
  title={Ontology-based process modelling-with examples of physical topologies},
  author={Preisig, Heinz A},
  journal={Processes},
  volume={9},
  number={4},
  pages={592},
  year={2021},
  publisher={MDPI}
}

@book{cessenat2018mathematical,
  title={Mathematical modelling of physical systems},
  author={Cessenat, Michel and others},
  year={2018},
  publisher={Springer}
}

@inproceedings{gruber1994ontology,
  title={An ontology for engineering mathematics},
  author={Gruber, Thomas R and Olsen, Gregory R},
  booktitle={Principles of Knowledge Representation and Reasoning},
  pages={258--269},
  year={1994}
}

@inproceedings{gwerder2022data,
  title={Data Integrity Checks for Building Automation and Control Systems},
  author={Gwerder, Markus and Marek, Reto and Melillo, Andreas and Husmann, Maria},
  booktitle={CLIMA 2022 conference},
  year={2022}
}

@article{mayer2017open,
  title={An open semantic framework for the industrial Internet of Things},
  author={Mayer, Simon and Hodges, Jack and Yu, Dan and Kritzler, Mareike and Michahelles, Florian},
  journal={IEEE Intelligent Systems},
  volume={32},
  number={1},
  pages={96--101},
  year={2017},
  publisher={IEEE}
}

@article{hodges1995functional,
  title={Functional and physical object characteristics and object recognition in improvisation},
  author={Hodges, Jack},
  journal={Computer Vision and Image Understanding},
  volume={62},
  number={2},
  pages={147--163},
  year={1995},
  publisher={Elsevier}
}

@article{sd_nielsen2015systems,
  title={Systems of systems engineering: basic concepts, model-based techniques, and research directions},
  author={Nielsen, Claus Ballegaard and Larsen, Peter Gorm and Fitzgerald, John and Woodcock, Jim and Peleska, Jan},
  journal={ACM Computing Surveys},
  volume={48},
  number={2},
  pages={1--41},
  year={2015},
  publisher={ACM}
}

@inproceedings{sd_balaji2016brick,
  title={Brick: Towards a unified metadata schema for buildings},
  author={Balaji, Bharathan and Bhattacharya, Arka and Fierro, Gabriel and Gao, Jingkun and Gluck, Joshua and Hong, Dezhi and Johansen, Aslak and Koh, Jason and Ploennigs, Joern and Agarwal, Yuvraj and others},
  booktitle={Proceedings of the 3rd ACM International Conference on Systems for Energy-Efficient Built Environments},
  pages={41--50},
  year={2016}
}

@article{sd_ifc_beetz2009ifcowl,
  title={IfcOWL: A case of transforming EXPRESS schemas into ontologies},
  author={Beetz, Jakob and Van Leeuwen, Jos and De Vries, Bauke},
  journal={Ai Edam},
  volume={23},
  number={1},
  pages={89--101},
  year={2009},
  publisher={Cambridge University Press}
}

@article{sd_van2013ontology,
  title={Ontology for systems engineering},
  author={Van Ruijven, LC},
  journal={Procedia Computer Science},
  volume={16},
  pages={383--392},
  year={2013},
  publisher={Elsevier}
}

@article{sd_yang2019ontology,
  title={Ontology-based systems engineering: A state-of-the-art review},
  author={Yang, Lan and Cormican, Kathryn and Yu, Ming},
  journal={Computers in Industry},
  volume={111},
  pages={148--171},
  year={2019}
}

@inproceedings{sd_akkermans1996ontology,
  title={Ontology Construction for Technical Domains},
  author={Benjamin, Jan and Borst, Pim and Akkermans, Hans and Wielinga, Bob},
  booktitle={Advances in Knowledge Acquisition: 9th European Knowledge Acquisition Workshop, EKAW'96, Nottingham, UK, May 14-17, 1996. Proceedings},
  volume={1076},
  pages={98},
  year={1996},
  organization={Springer Science \& Business Media}
}

@inproceedings{sd_pauen2021tubes,
  title={TUBES System Ontology: Digitalization of building service systems},
  author={Pauen, Nicolas and Schl{\"u}tter, Dominik and Frisch, J{\'e}r{\^o}me and van Treeck, Christoph},
  booktitle={Proceedings of the 9th Linked Data in Architecture and Construction Workshop},
  year={2021}
}

@article{sd_borst1997engineering,
  title={Engineering ontologies},
  author={Borst, Pim and Akkermans, Hans and Top, Jan},
  journal={International journal of human-computer studies},
  volume={46},
  number={2-3},
  pages={365--406},
  year={1997},
  publisher={Elsevier}
}
@article{sd_tudorache2006employing,
  title={Employing ontologies for an improved development process in collaborative engineering},
  author={Tudorache, Tania},
  journal={Technical University of Berlin},
  year={2006}
}

@article{pp_morbach2009ontocape,
  title={OntoCAPE—A (re) usable ontology for computer-aided process engineering},
  author={Morbach, Jan and Wiesner, Andreas and Marquardt, Wolfgang},
  journal={Computers \& Chemical Engineering},
  volume={33},
  number={10},
  pages={1546--1556},
  year={2009},
  publisher={Elsevier}
}

@inproceedings{pp_borst1995physsys,
  title={The PhysSys ontology for physical systems},
  author={Borst, Pim and Akkermans, J and Pos, Anita and Top, Jan},
  booktitle={Working Papers of the Ninth International Workshop on Qualitative Reasoning QR},
  volume={95},
  pages={11--21},
  year={1995}
}

@article{pp_kief_yoshioka2004physical,
  title={Physical concept ontology for the knowledge intensive engineering framework},
  author={Yoshioka, Masaharu and Umeda, Yasushi and Takeda, Hideaki and Shimomura, Yoshiki and Nomaguchi, Yutaka and Tomiyama, Tetsuo},
  journal={Advanced engineering informatics},
  volume={18},
  number={2},
  pages={95--113},
  year={2004},
  publisher={Elsevier}
}

@inproceedings{pp_hybrid_tds_garcia2019hyplc,
  title={HyPLC: Hybrid programmable logic controller program translation for verification},
  author={Garcia, Luis and Mitsch, Stefan and Platzer, Andr{\'e}},
  booktitle={Proceedings of the 10th acm/ieee international conference on cyber-physical systems},
  pages={47--56},
  year={2019}
}

@article{house2001expert,
  title={An expert rule set for fault detection in air-handling units/discussion},
  author={House, John M and Vaezi-Nejad, Hossein and Whitcomb, J Michael},
  journal={Ashrae Transactions},
  volume={107},
  pages={858},
  year={2001},
  publisher={American Society of Heating, Refrigeration and Air Conditioning Engineers, Inc.}
}

@inproceedings{delgoshaei2017towards,
  title={Towards a Semantically-enabled Control Strategy for Building Simulations: Integration of Semantic Technologies and Model Predictive Control},
  author={Delgoshaei, Parastoo and Austin, Mark A and Pertzborn, Amanda J and Heidarinejad, Mohammad and Chandan, Vikas},
  booktitle={Proceedings of the 15th IBPSA Conference San Francisco, CA, USA, Aug. 7-9},
  year={2017}
}

@inproceedings{koziolek2020industrial,
  title={Industrial plant topology models to facilitate automation engineering},
  author={Koziolek, Heiko and R{\"u}ckert, Julius and Berlet, Andreas},
  booktitle={Systems Modelling and Management: First International Conference, ICSMM 2020, Bergen, Norway, June 25--26, 2020, Proceedings 1},
  pages={91--108},
  year={2020},
  organization={Springer}
}

@book{stewart2018surface,
  title={Surface production operations: volume IV: pumps and compressors},
  author={Stewart, Maurice},
  year={2018},
  publisher={Gulf Professional Publishing}
}
@inproceedings{ramanathan2021assisting,
  title={Assisting automated fault detection and diagnostics in building automation through semantic description of functions and process data},
  author={Ramanathan, Ganesh and Husmann, Maria and Niedermeier, Christoph and Vicari, Norbert and Garcia, Kimberly and Mayer, Simon},
  booktitle={Proceedings of the 8th ACM International Conference on Systems for Energy-Efficient Buildings, Cities, and Transportation},
  pages={228--229},
  year={2021}
}
@inproceedings{ramanathan2021autonomous,
  title={Autonomous buildings},
  author={Ramanathan, Ganesh},
  booktitle={Proceedings of the 8th ACM International Conference on Systems for Energy-Efficient Buildings, Cities, and Transportation},
  pages={246--247},
  year={2021}
}
@inproceedings{arroyo2014integrating,
  title={Integrating plant and process information as a basis for automated plant diagnosis tasks},
  author={Arroyo, Esteban and Fay, Alexander and Chioua, Moncef and Hoernicke, Mario},
  booktitle={Proceedings of the 2014 IEEE Emerging Technology and Factory Automation (ETFA)},
  pages={1--8},
  year={2014},
  organization={IEEE}
}
@incollection{wetter2019view,
  title={A view on future building system modeling and simulation},
  author={Wetter, Michael},
  booktitle={Building performance simulation for design and operation},
  pages={631--656},
  year={2019},
  publisher={Routledge}
}